@article{CSDWhereAreWe,
    author = {Antonio Barbalce \& Jaeyoung Do},
    title = {Computational Storage: Where Are We Today?},
    journal = {Edinburgh Research Explorer},
    pages = {7},
    year = {2021},
    month = {January}
}

@article{AA,
    author = {Sanjay Patel \& Wen-mei W. Hwu},
    title = {Accelerator Architectures},
    journal = {IEEE Computer Society},
    year = {2008}
}

@article{ISAfree,
    author = {Krste AsanoviÄ‡ \& David A. Patterson},
    title = {Intruction Sets Should Be Free: The Case For RISC-V},
    journal = {Electrical Engineering and Computer Sciences
University of California at Berkeley},
    year = {2014},
}

@manual{RISCISA,
    title = {The RISC-V Instruction Set Manual - Volumne I: Unprivileged ISA},
    author = {Andrew Waterman, Krste Asanovic, SiFive Inc.},
    year = {2019},
}
